<record><leader>00000cas a2200000 a 4500</leader><controlfield tag="001">7509267</controlfield><controlfield tag="007">hd afa014baca</controlfield><controlfield tag="008">810617d17601761ctudn nea     0   a0eng d</controlfield><datafield ind1=" " ind2=" " tag="010"><subfield code="a">sn 93048354 </subfield><subfield code="z">sn 88088629 </subfield><subfield code="z">sn 88088648 </subfield></datafield><datafield ind1=" " ind2=" " tag="040"><subfield code="a">IPL</subfield><subfield code="b">eng</subfield><subfield code="c">IPL</subfield><subfield code="d">OCL</subfield><subfield code="d">DLC</subfield><subfield code="d">OCL</subfield><subfield code="d">OCLCQ</subfield><subfield code="d">OCLCF</subfield><subfield code="d">OCLCO</subfield><subfield code="d">OCL</subfield><subfield code="d">OCLCQ</subfield></datafield><datafield ind1=" " ind2=" " tag="019"><subfield code="a">18894441</subfield><subfield code="a">18944472</subfield></datafield><datafield ind1=" " ind2=" " tag="042"><subfield code="a">msc</subfield></datafield><datafield ind1=" " ind2=" " tag="043"><subfield code="a">e-uk---</subfield></datafield><datafield ind1="0" ind2="0" tag="050"><subfield code="a">Newspaper</subfield></datafield><datafield ind1="0" ind2="4" tag="082"><subfield code="a">072</subfield><subfield code="b">Ea76, Reel 251-252, 581-582, 948-949</subfield></datafield><datafield ind1="0" ind2="4" tag="245"><subfield code="a">The Public ledger, or, The Daily register of commerce and intelligence.</subfield></datafield><datafield ind1="3" ind2="0" tag="246"><subfield code="a">Public ledger</subfield></datafield><datafield ind1="3" ind2="0" tag="246"><subfield code="a">Daily register of commerce and intelligence</subfield></datafield><datafield ind1=" " ind2=" " tag="260"><subfield code="a">London :</subfield><subfield code="b">W. Bristow,</subfield><subfield code="c">1760-</subfield></datafield><datafield ind1=" " ind2=" " tag="300"><subfield code="a">2 volumes</subfield></datafield><datafield ind1=" " ind2=" " tag="310"><subfield code="a">Daily (except Sunday)</subfield></datafield><datafield ind1=" " ind2=" " tag="336"><subfield code="a">text</subfield><subfield code="b">txt</subfield><subfield code="2">rdacontent</subfield></datafield><datafield ind1=" " ind2=" " tag="337"><subfield code="a">microform</subfield><subfield code="b">h</subfield><subfield code="2">rdamedia</subfield></datafield><datafield ind1=" " ind2=" " tag="338"><subfield code="a">microfilm reel</subfield><subfield code="b">hd</subfield><subfield code="2">rdacarrier</subfield></datafield><datafield ind1="0" ind2=" " tag="362"><subfield code="a">No. 1 (Jan. 12, 1760)-v. 2, no. 566 (Nov. 2, 1761).</subfield></datafield><datafield ind1=" " ind2=" " tag="533"><subfield code="a">Microfilm.</subfield><subfield code="b">Woodbridge, Conn. :</subfield><subfield code="c">Research Publications.</subfield><subfield code="e">microfilm reels ; 35 mm.</subfield><subfield code="f">(Early English newspapers ; 251-252, 581-582, 948-949).</subfield></datafield><datafield ind1=" " ind2="0" tag="651"><subfield code="a">Great Britain</subfield><subfield code="x">Commerce</subfield><subfield code="v">Newspapers.</subfield></datafield><datafield ind1=" " ind2="0" tag="651"><subfield code="a">Great Britain</subfield><subfield code="x">History</subfield><subfield code="y">George III, 1760-1820</subfield><subfield code="v">Newspapers.</subfield></datafield><datafield ind1=" " ind2="0" tag="651"><subfield code="a">Great Britain</subfield><subfield code="x">History</subfield><subfield code="y">1800-1837</subfield><subfield code="v">Newspapers.</subfield></datafield><datafield ind1=" " ind2="7" tag="650"><subfield code="a">Commerce.</subfield><subfield code="2">fast</subfield><subfield code="0">(OCoLC)fst00869279</subfield></datafield><datafield ind1=" " ind2="7" tag="651"><subfield code="a">Great Britain.</subfield><subfield code="2">fast</subfield><subfield code="0">(OCoLC)fst01204623</subfield></datafield><datafield ind1=" " ind2="7" tag="648"><subfield code="a">1760-1837</subfield><subfield code="2">fast</subfield></datafield><datafield ind1=" " ind2="7" tag="655"><subfield code="a">History.</subfield><subfield code="2">fast</subfield><subfield code="0">(OCoLC)fst01411628</subfield></datafield><datafield ind1=" " ind2="7" tag="655"><subfield code="a">Newspapers.</subfield><subfield code="2">fast</subfield><subfield code="0">(OCoLC)fst01423814</subfield></datafield><datafield ind1=" " ind2=" " tag="752"><subfield code="a">Great Britain</subfield><subfield code="b">England</subfield><subfield code="d">London.</subfield></datafield><datafield ind1="0" ind2="0" tag="785"><subfield code="t">Public ledger (London, England : 1761)</subfield><subfield code="w">(DLC)sn 93048355</subfield><subfield code="w">(OCoLC)28448542</subfield></datafield><datafield ind1=" " ind2="0" tag="830"><subfield code="a">Early English newspapers ;</subfield><subfield code="v">251-252, 581-582, 948-949.</subfield></datafield></record>